@online{profiles,
  author = {The Rust Programming Language},
  title = {The Cargo Book: Profiles},
  year = 2023,
  url = {https://doc.rust-lang.org/cargo/reference/profiles.html#opt-level},
  urldate = {2023-11-23}
}


@online{wiki_sse,
  author = {{W}ikipedia{,} The Free Encyclopedia},
  title = {Streaming SIMD Extensions},
  year = 2023,
  url = {https://en.wikipedia.org/wiki/Streaming_SIMD_Extensions},
  urldate = {2023-11-23}
}
