% ------------------------------------------------------------------------------
% SOFTWARE

% https://github.com/leonoverweel/bibtex-python-package-citations

@inproceedings{matsakis2014rust,
  title={The rust language},
  author={Matsakis, Nicholas D and Klock II, Felix S},
  booktitle={ACM SIGAda Ada Letters},
  volume={34},
  number={3},
  pages={103--104},
  year={2014},
  organization={ACM}
} 
