@online{affinity,
  author = {The Rust Programming Language},
  title = {core_affinity - Rust},
  year = 2024,
  url = {https://docs.rs/core_affinity/latest/core_affinity/},
  urldate = {2024-01-18}
}

