@book{hysell_radar,
    author    = {Hysell, David},
    month     = feb,
    number    = {ISBN 9781108164122},
    publisher = {Cambridge University Press},
    title     = {Antennas and Radar for Environmental Scientists and Engineers},
    url       = {https://doi.org/10.1017/9781108164122},
    year      = {2018}
}

@book{balanis,
    author    = {Balanis, Constantine A.},
    month     = feb,
    number    = {ISBN 0-471-66782-X},
    publisher = {John Wiley \& Sons, Inc.},
    title     = {Antenna Theory, Analysis and Design},
    year      = {2005}
}

@online{antenna_theory_dipole,
  author = {Bevelacqua, Peter Joseph},
  title = {The Array Factor},
  url = {https://www.antenna-theory.com/arrays/arrayfactor.php},
  urldate = {2023-05-28}
}
