@book{book_2,
    address   = {\url{https://doi.org/10.1007/b138890}},
    author    = {Anthony Zaknich},
    editor    = {Michael J. Grimble, Michael A. Johnson},
    number    = {ISBN 978-1-84628-121-1},
    publisher = {Springer London},
    series    = {Advanced Textbooks in Control and Signal Processing},
    title     = {Principles of adaptive filters and self-learning systems},
    year      = {2005}
}

@book{dsp_tp,
    address   = {\url{https://doi.org/10.1007/978-981-10-8081-4}},
    author    = {K. Deergha Rao and M. N. S. Swamy},
    number    = {ISBN 978-981-10-8081-4},
    publisher = {Springer},
    title     = {Digital Signal Processing},
    volume    = {Springer Nature Singapore Pte Ltd},
    year      = {2018}
}

@inproceedings{lomb_1,
    address   = {\url{https://doi.org/10.1007/978-981-10-0451-3_2}},
    author    = {Ingudam Gomita and Sandeep Chauhan and Raj Kumar Sagar},
    booktitle = {Proceedings of Fifth International Conference on Soft
Computing for Problem Solving, Advances in Intelligent Systems
and Computing},
    title     = {A Brief Overview on Least Square
Spectral Analysis and Power Spectrum},
    year      = {2016}
}

@misc{saqib_1,
    author       = {M. Zechmeister and M. KÃ¼rster},
    howpublished = {\url{https://www.aanda.org/articles/aa/full_html/2009/11/aa11296-08/aa11296-08.html}},
    note         = {Last Access: 05/2023},
    title        = {The generalised Lomb-Scargle periodogram: A new formalism for the floating-mean and Keplerian periodograms},
    year         = {2009}
}

@article{saqib_2,
    author       = {G. Larry Bretthorst},
    howpublished = {\url{}},
    journal      = {Washington University, Dept. of Chemistry},
    title        = {Generalizing the Lomb-Scargle Periodogram}
}

@misc{smith_web,
    author       = {Smith, J.O},
    howpublished = {\url{https://ccrma.stanford.edu/~jos/mdft/mdft-citation.html}},
    note         = {Last Access 05/2023},
    title        = {Mathematics of the Discrete Fourier Transform (DFT) with Audio Applications}
}

@inbook{weather_radar,
    address   = {\url{https://doi.org/10.1017/9781108164122.012}},
    author    = {David Hysell},
    chapter   = {Weather Radar},
    pages     = {288 - 322},
    publisher = {Cambridge University Press},
    title     = {Antennas and Radar for Environmental Scientists and Engineers},
    year      = {2018}
}

@misc{yt_video,
    author       = {LSSTC Data Science Fellowship},
    howpublished = {\url{https://www.youtube.com/watch?v=2EwtD3Nhazs}},
    month        = oct,
    note         = {Last Access 05/2023},
    title        = {Session 13: Introduction To The Lomb-Scargle Periodogram (Lecture III)},
    year         = {2021}
}

@article{saqib_3,
author = "Jill Stewart and Paul Stewart and Thomas Walker and Latha Gullapudi and Tarek Eldehni and Nicholas Selby and Maarten Taal",
title = "{An Application of The Lomb-Scargle  Periodogram  To Investigate Heart  Rate  Variability  During Haemodialysis}",
year = "2020",
month = "6",
url = "https://www.techrxiv.org/articles/preprint/An_Application_of_The_Lomb-Scargle_Periodogram_To_Investigate_Heart_Rate_Variability_During_Haemodialysis/12442181",
doi = "10.36227/techrxiv.12442181.v1"
}
