@comment{% ------------------------------------------------------------------------------
% LITERATURE}


@misc{scipy_doc_bartlett,
    author       = {{The SciPy community.}},
    howpublished = {\url{https://docs.scipy.org/doc/scipy/reference/generated/scipy.signal.windows.bartlett.html}},
    note         = {Accessed: 2023-04-17},
    title        = {scipy.signal.windows.bartlett}
}

@book{triang_pulse,
    author    = {Adolf J. Schwab and Wolfgang Kürner},
    edition   = {5},
    number    = {ISBN 978-3-540-42004-0},
    publisher = {Springer Berlin Heidelberg New York},
    title     = {Elektromagnetische Verträglichkeit},
    year      = {2007}
}

@book{ulrich_maths,
    author    = {Helmut Ulrich and Stephan Ulrich},
    edition   = {11},
    number    = {ISBN 978-3-658-31877-2},
    publisher = {Springer Vieweg},
    title     = {Laplace-Transformation, Diskrete Fourier-Transformation und z-Transformation},
    year      = {2023}
}

@book{understanding_dsp,
    author    = {Richard G. Lyons},
    edition   = {2},
    editor    = {Patty Donovan},
    number    = {ISBN 0-13-108989-7},
    publisher = {Prentice Hall Professional Technical Reference},
    title     = {Understanding Digital Signal Processing},
    year      = {2004}
}

