@comment{% ------------------------------------------------------------------------------
% LITERATURE}


@book{brandt_data,
    author    = {Siegmund Brandt},
    edition   = {5},
    number    = {ISBN 978-3-642-37664},
    publisher = {Springer Spektrum},
    title     = {Datenanalyse f√ºr Naturwissenschaftler und Ingenieure},
    year      = {2013}
}

@misc{mat_least_squares,
    author       = {Weisstein, Eric W},
    howpublished = {\url{https://mathworld.wolfram.com/LeastSquaresFitting.html}},
    note         = {From MathWorld--A Wolfram Web Resource, Accessed: 2023-04-23},
    title        = {Least Squares Fitting}
}

@misc{scipy_doc_bartlett,
    author       = {{The SciPy community.}},
    howpublished = {\url{https://docs.scipy.org/doc/scipy/reference/generated/scipy.signal.windows.bartlett.html}},
    note         = {Accessed: 2023-04-17},
    title        = {scipy.signal.windows.bartlett}
}

@misc{scipy_doc_dist_fit,
    author       = {{The SciPy community.}},
    howpublished = {\url{https://docs.scipy.org/doc/scipy/reference/generated/scipy.stats.fit.html}},
    note         = {Accessed: 2023-04-24},
    title        = {scipy.stats.fit}
}

@misc{scipy_doc_multinominal,
    author       = {{The SciPy community.}},
    howpublished = {\url{https://docs.scipy.org/doc/scipy/reference/generated/scipy.stats.multinomial.html}},
    note         = {Accessed: 2023-04-25},
    title        = {scipy.stats.multinomial}
}

@misc{stack_car,
    author       = {wgrenard},
    howpublished = {\url{https://physics.stackexchange.com/questions/167111/finding-equation-for-exponential-deceleration\#167122}},
    note         = {Accessed: 2023-04-23},
    title        = {Finding equation for exponential deceleration}
}

@book{wentura_data,
    author    = {Dirk Wentura and Benedikt Wirth and Markus Pospeschill},
    edition   = {2},
    number    = {ISBN 978-3-662-65522-1},
    publisher = {Springer},
    title     = {Multivariate Datenanalyse mit R},
    year      = {2023}
}

