@book{hysell_radar,
    author    = {David Hysell},
    month     = feb,
    number    = {ISBN 9781108164122},
    publisher = {Cambridge University Press},
    title     = {Antennas and Radar for Environmental Scientists and Engineers},
    url       = {https://doi.org/10.1017/9781108164122},
    year      = {2018}
}

@book{m_and_m_2,
    author    = {Ruth W. Chabay and Bruce A. Sherwood},
    edition   = {2},
    number    = {ISBN-13 978-0-470-10831-4},
    publisher = {John Wiley \& Sons, Inc.},
    title     = {Matter \& Interactions II},
    year      = {2007}
}

@book{mobile_antenna_design,
    author    = {Zhijun Zhang},
    number    = {ISBN 978-0-470-82446-7},
    publisher = {John Wiley \& Sons (Asia) Pte Ltd},
    title     = {Antenna Design for Mobile Devices},
    url       = {https://doi.org/10.1002/9780470824481},
    year      = {2011}
}

