@online{WinNT,
  author = {{W}ikipedia{,} The Free Encyclopedia},
  title = {Parabolic Antenna},
  year = 2023,
  url = {https://en.wikipedia.org/wiki/Parabolic_antenna},
  urldate = {2023-05-22}
}

@online{WinNT2,
  author = {{W}ikipedia{,} The Free Encyclopedia},
  title = {Collinear Antenna Array},
  year = 2020,
  url = {https://en.wikipedia.org/wiki/Collinear_antenna_array},
  urldate = {2023-05-22}
}

@online{WinNT3,
  author = {Bevelacqua, Peter Joseph},
  title = {Antenna Types},
  url = {https://www.antenna-theory.com/antennas/main.php},
  urldate = {2023-05-22}
}

@online{WinNT4,
  author = {{W}ikipedia{,} The Free Encyclopedia},
  title = {Monopole Antenna},
  year = 2023,
  url = {https://en.wikipedia.org/wiki/Monopole_antenna},
  urldate = {2023-05-22}
}


@online{WinNT5,
  author = {{W}ikipedia{,} The Free Encyclopedia},
  title = {Yagi-Uda Antenna},
  year = 2023,
  url = {https://en.wikipedia.org/wiki/Yagi%E2%80%93Uda_antenna},
  urldate = {2023-05-22}
}

@online{WinNT6,
  author = {{W}ikipedia{,} The Free Encyclopedia},
  title = {Helical Antenna},
  year = 2023,
  url = {https://en.wikipedia.org/wiki/Helical_antenna},
  urldate = {2023-05-22}
}



@online{WinNT7,
  author = {Stan Gibilisco},
  title = {Gain of a Collinear Antenna Array},
  year = 2015,
  url = {https://www.youtube.com/watch?v=DFRe7ttChwc},
  urldate = {2023-05-23}
}
