@article{radlovic_audio_eq,
    author  = {Biljana D. Radlovic and Rodney A. Kennedy},
    journal = {IEEE TRANSACTIONS ON SPEECH AND AUDIO PROCESSING},
    month   = nov,
    number  = {6},
    title   = {Nonminimum-Phase Equalization and Its Subjective
Importance in Room Acoustics},
    volume  = {8},
    year    = {2000}
}

