@online{pmse,
  author = {{W}ikipedia{,} The Free Encyclopedia},
  title = {Polar Mesospheric Summer Echoes},
  year = 2022,
  url = {https://en.wikipedia.org/wiki/Polar_mesospheric_summer_echoes},
  urldate = {2023-07-03}
}

@online{conv_theorem,
  author = {{W}ikipedia{,} The Free Encyclopedia},
  title = {Convolution Theorem},
  year = 2023,
  url = {https://en.wikipedia.org/wiki/Convolution_theorem},
  urldate = {2023-07-03}
}
