@online{snorpy,
  author = {Christopher Davis},
  title = {Snorpy: A Web Based Snort Rule Creator / Maker for Building Simple Snort Rules},
  url = {http://snorpy.cyb3rs3c.net/},
  urldate = {2023-05-22}
}

@online{snortflag,
  author = {Snort Documentation},
  title = {Snort 3 Rule Writing Guide: flags},
  url = {https://docs.snort.org/rules/options/non_payload/flags},
  urldate = {2023-06-01}
}
