@book{hysell_radar,
    author    = {David Hysell},
    month     = feb,
    number    = {ISBN 9781108164122},
    publisher = {Cambridge University Press},
    title     = {Antennas and Radar for Environmental Scientists and Engineers},
    url       = {https://doi.org/10.1017/9781108164122},
    year      = {2018}
}

@misc{python_commpy,
    author       = {V. Taranalli, B. Trotobas, and contributors},
    howpublished = {\url{github.com/veeresht/CommPy}},
    title        = {CommPy: Digital Communication with Python}
}

@misc{richards_pdf,
    author = {Mark A. Richards},
    month  = jun,
    note   = {Last Access: 05/2023},
    title  = {Noncoherent Integration Gain, and its Approximation},
    url    = {https://cpb-us-w2.wpmucdn.com/sites.gatech.edu/dist/5/462/files/2016/12/Noncoherent-Integration-Gain-Approximations.pdf},
    year   = {2010}
}

@misc{yt_tut,
    author       = {Standford University},
    howpublished = {\url{https://www.youtube.com/watch?v=eJa7Vb6QfXE}},
    month        = oct,
    note         = {Last Access: 05/2023},
    title        = {5.9 - I,Q channels and non coherent integration},
    year         = {2014}
}

